----- Define the journal title abbreviations -----

@String{HEDP ={High Energy Density Physics}}
String{HEDP ={High Energy Density Phys.}}

@String{PoP ={Physics of Plasmas}}
String{PoP ={Phys. Plasmas}}

@String{PRL ={Physical Review Letters}}
String{PRL ={Phys. Rev. Lett.}}

----- The actual references -----


@Article{lit:Abu-Shawareb_etal-PRL:22,
  OPTauthor = 	 {H. Abu-Shawareb and others},
  author = 	 {H. Abu-Shawareb (Indirect Drive ICF Collaboration)},
  title = 	 {Lawson Criterion for Ignition Exceeded in an Inertial Fusion
                  Experiment},
  journal = 	 PRL,
  year = 	 {2022},
  volume = 	 {129},
  number = 	 {7},
  pages = 	 {075001},
  OPTmonth = 	 {12 AUG},
  doi = 	 {10.1103/PhysRevLett.129.075001}
}


@Article{lit:Casey_etal-PRL:21,
  author = 	 {D. T. Casey and others},
  title = 	 {Evidence of Three-Dimensional Asymmetries Seeded by High-Density
                  Carbon-Ablator Nonuniformity in Experiments at the {N}ational
		  {I}gnition {F}acility},
  journal = 	 PRL,
  year = 	 {2021},
  volume = 	 {126},
  number = 	 {2},
  pages = 	 {025002},
  OPTmonth = 	 {15 JAN},
  doi = 	 {10.1103/PhysRevLett.126.025002}
}


@Article{lit:Rosen_etal-HEDP:11,
  author = 	 {M. D. Rosen and others},
  title = 	 {The role of a detailed cofiguration accounting ({DCA}) atomic physics
                  package in explaining the energy balance in ignition-scale hohlraums},
  journal = 	 HEDP,
  year = 	 {2011},
  volume = 	 {7},
  number = 	 {3},
  pages = 	 {180--190},
  OPTmonth = 	 {SEP},
  doi = 	 {10.1016/j.hedp.2011.03.008}
}


@Article{lit:Holec_Nikl_Weber-PoP:18,
  author =       {M. Holec and J. Nikl and S. Weber},
  title =        {Nonlocal Transport Hydrodynamic Model for Laser Heated Plasmas},
  journal =      PoP,
  year =         {2018},
  volume =       {25},
  number =       {3},
  pages =        {032704},
  OPTmonth = 	 {MAR},
  doi =          {10.1063/1.5011818}
}


@Misc{lit:PyToTut,
  OPTkey = 	 {},
  OPTauthor = 	 {},
  title = 	 {Py{T}orch {L}ightning Tutorial},
  howpublished = {\url{https://becominghuman.ai/pytorch-lightning-tutorial-1-getting-started-5f82e06503f6}},
  OPTmonth = 	 {},
  OPTyear = 	 {}
}


@Misc{lit:PyToInt,
  OPTauthor = 	 {},
  title = 	 {Introduction to {P}y{T}orch {L}ightning},
  howpublished = {\url{https://pytorch-lightning.readthedocs.io/en/stable/}},
  OPTmonth = 	 {},
  OPTyear = 	 {}
}


@Misc{lit:PyToReg,
  OPTauthor = 	 {},
  title = 	 {Regression using {P}y{T}orch {L}ightning,
                  "{B}ike {S}hare {R}egression {P}y{T}orch {L}ightning.ipynb"},
  howpublished = {\url{https://github.com/shotleft/how-to-python.git}},
  OPTmonth = 	 {},
  OPTyear = 	 {}
}


@Article{lit:Chapman_etal-PoP:21,
  author =       {D. A. Chapman and others},
  title =        {A preliminary assessment of the sensitivity of uniaxially driven
                  fusion targets to flux-limited thermal conduction modeling},
  journal =      PoP,
  year =         {2021},
  volume =       {28},
  number =       {7},
  pages =        {072702},
  OPTmonth = 	 {JUL},
  doi =          {10.1063/5.0047627}
}

